@article{vernikos2015ten,
  title={Ten years of pan-genome analyses},
  author={Vernikos, George and Medini, Duccio and Riley, David R and Tettelin, Herve},
  journal={Current opinion in microbiology},
  volume={23},
  pages={148--154},
  year={2015},
  publisher={Elsevier}
},
@article{medini2005microbial,
  title={The microbial pan-genome},
  author={Medini, Duccio and Donati, Claudio and Tettelin, Herve and Masignani, Vega and Rappuoli, Rino},
  journal={Current opinion in genetics \& development},
  volume={15},
  number={6},
  pages={589--594},
  year={2005},
  publisher={Elsevier}
},
@article{fukiya2004extensive,
  title={Extensive genomic diversity in pathogenic Escherichia coli and Shigella strains revealed by comparative genomic hybridization microarray},
  author={Fukiya, Satoru and Mizoguchi, Hiroshi and Tobe, Toru and Mori, Hideo},
  journal={Journal of bacteriology},
  volume={186},
  number={12},
  pages={3911--3921},
  year={2004},
  publisher={Am Soc Microbiol}
},
@article{zhao2011pgap,
  title={PGAP: pan-genomes analysis pipeline},
  author={Zhao, Yongbing and Wu, Jiayan and Yang, Junhui and Sun, Shixiang and Xiao, Jingfa and Yu, Jun},
  journal={Bioinformatics},
  volume={28},
  number={3},
  pages={416--418},
  year={2011},
  publisher={Oxford University Press}
},
@article{page2015roary,
  title={Roary: rapid large-scale prokaryote pan genome analysis},
  author={Page, Andrew J and Cummins, Carla A and Hunt, Martin and Wong, Vanessa K and Reuter, Sandra and Holden, Matthew TG and Fookes, Maria and Falush, Daniel and Keane, Jacqueline A and Parkhill, Julian},
  journal={Bioinformatics},
  volume={31},
  number={22},
  pages={3691--3693},
  year={2015},
  publisher={Oxford University Press}
}